<?xml version="1.0" encoding="UTF-8"?><record xmlns="http://www.loc.gov/MARC21/slim" xmlns:cinclude="http://apache.org/cocoon/include/1.0" xmlns:zs="http://www.loc.gov/zing/srw/">
  <leader>00420nz  a2200121n  4500</leader>
  <controlfield tag="001">n  92109314 </controlfield>
  <controlfield tag="003">DLC</controlfield>
  <controlfield tag="005">19921109144306.0</controlfield>
  <controlfield tag="008">921109n| acannaab|          |n ana |||  </controlfield>
  <datafield tag="010" ind1=" " ind2=" ">
    <subfield code="a">n  92109314 </subfield>
  </datafield>
  <datafield tag="040" ind1=" " ind2=" ">
    <subfield code="a">DLC</subfield>
    <subfield code="c">DLC</subfield>
  </datafield>
  <datafield tag="110" ind1="2" ind2="0">
    <subfield code="a">Los Angeles County Bar Association.</subfield>
    <subfield code="b">Labor and Employment Law Section</subfield>
  </datafield>
  <datafield tag="670" ind1=" " ind2=" ">
    <subfield code="a">California practice handbook, 1992- :</subfield>
    <subfield code="b">t.p. (Labor and Employment Law Section, Los Angeles County Bar Association)</subfield>
  </datafield>
</record>